3682 5030
266 3891 279 3903 ·
439 3823 828 3939 monstra
853 3857 1238 3955 peperere
1257 3873 1284 3943 3
1303 3820 1562 3921 nobis
1596 3856 1887 3921 autem
1917 3856 2001 3921 et

2215 49 2226 98 l
2313 87 2322 97 ι

1169 284 1772 372 IBERICA
1849 278 2600 372 EPAENEsrs.
3139 281 3283 392 75

459 410 1237 548 quadragesimum
1313 444 1669 509 uartum
1689 405 2017 508 librum
2036 402 2479 537 Hispania:
2497 399 2903 503 laudibus
2922 402 3285 529 dicauit,

535 581 685 644 uas
706 569 1001 643 tamen
1026 541 1283 642 exseri
1344 577 1482 639 ere
1509 573 1788 673 operae
1812 543 2399 672 pretium.non
2432 572 2546 669 pu
2556 534 2904 658 t0,·cum
2928 537 3283 643 cuilibet

468 580 642 774 ἔπιε
660 684 749 774 in
771 673 1569 774 manibu5.'Plinius
1591 706 1885 770 autem
1905 675 2304 769 extremis
2327 673 2634 801 magni
2647 677 2936 798 operis
2955 672 3276 799 verbis,

464 806 623 908 vbi
662 842 823 940 pro
845 805 1213 905 libidine
1230 793 1583 903 Italiam
1606 802 1853 902 suam
1887 803 2138 933 supra
2173 798 2554 897 modum
2595 801 2943 925 extulit,
2996 802 3127 900 Ab
3146 811 3274 926 ed,-

440 943 782 1071 .inquit,
820 921 1156 1070 exceptt}
1197 933 1838 1069 Indiaefitbulosts,
1854 933 2208 1067 proximo?
2232 932 2565 1029 dixerim
2605 936 3048 1067 Hispaniam
3067 975 3273 1070 qua-

463 1107 787 1204 cumque
807 1066 1160 1166 nubitur
1181 1076 1400 1166 mari.
1448 1078 1688 1202 Qo
1728 1059 1928 1163 sane
1966 1062 2478 1162 testimonio
2527 1062 2791 1160 Italiae
2842 1063 3268 1197 Hispania

461 1198 956 1299 antecellere
992 1199 1412 1298 videatur.
1455 1203 1599 1295 De
1637 1204 1915 1333 gentis
1949 1192 2458 1293 fortitudine
2498 1193 2852 1291 adeatur
2883 1196 3273 1302 Velleius·

463 1328 948 1430 Paterculus
983 1329 1138 1429 lib.
1178 1361 1213 1426 1
1226 1364 1296 1429 1·.
1338 1328 1915 1452 Claudianus)
1938 1324 2225 1443 Silius,
2269 1333 2827 1425 &innumeri
2859 1329 3005 1454 alij
3037 1339 3263 1436 Scri-

460 1492 746 1593 ptores
769 1469 1073 1593 primae
1092 1494 1349 1560 notae.
1909 1537 1916 1545 .

601 1597 842 1694 Cum
876 1594 1275 1726 praeterea
1297 1589 1538 1690 nulla
1568 1590 1675 1689 fit
1694 1585 2063 1721 vsquam
2086 1622 2329 1722 gens,
2359 1584 2611 1685 nulla
2640 1587 2960 1688 telluris
2995 1593 3258 1698 vastae

456 1730 748 1855 portio
764 1757 1474 1856 quantacumque
1490 1800 1518 1845 ,
1539 1759 1643 1817 ex
1681 1726 1785 1845 ijs
1811 1712 2275 1855 praesertim
2312 1752 2506 1849 quae
2537 1718 2998 1850 potissimae
3025 1727 3259 1827 iudi‘-

457 1867 789 1974 cantur,
806 1862 1048 1953 cuius
1089 1855 1364 1989 gloria
1389 1888 1571 1952 non
1595 1850 1897 1983 aliquo
1920 1850 2142 1949 olim
2159 1849 2763 1950 fabulamento
2788 1856 3250 1958 censeatur:

454 1981 886 2117 siquidem
934 1984 1476 2120 Atheniensis
1525 1998 1617 2082 δι
1670 1988 2134 2081 Romanus
2171 1980 2422 2098 rebus
2450 1979 2698 2116 gestis
2753 1987 3254 2115 perillustris

372 2116 388 2134 ⁸
443 2115 863 2248 populus,
886 2115 1037 2216 ille
1060 2117 1526 2240 Mineruae,
1545 2114 1692 2213 hic
1708 2115 1983 2212 Marti
1998 2124 2127 2227 (vt
2149 2121 2498 2213 interim
2530 2117 3022 2249 Cecropem
3062 2123 3252 2220 Ro-
3433 2161 3442 2168 ·

308 2323 313 2332 .
451 2246 980 2385 mulumque
1001 2247 1341 2347 filcntio
1364 2247 1956 2369 inuoluamus)
1971 2277 2163 2344 ortu
2173 2283 2269 2344 m
2294 2251 3106 2385 incrementumque
3126 2254 3266 2355 sui-

450 2378 752 2478 referat
770 2411 1252 2510 acceptum:
1279 2376 2025 2511 Carthaginienses
2052 2376 2105 2471 a
2130 2378 2522 2494 Didone,
2547 2376 2600 2470 εἰ
2626 2378 2989 2478 Cadmo
3005 2383 3254 2481 The·

453 2509 694 2629 bani,
716 2510 952 2610 Galli
968 2510 1021 2606 a
1046 2514 1941 2633 Francione‚Britanni
1958 2510 2013 2605 εἰ
2037 2506 2321 2608 nescio
2344 2544 2530 2641 quo
2550 2514 2821 2609 Bruto
2855 2525 3258 2618 nominis·

452 2640 583 2739 sui
605 2641 978 2775 gloriam
1003 2642 1569 2775 auspicantur.
1593 2645 1795 2740 Nos
1821 2640 2132 2739 itidem
2169 2643 2375 2740 cum
2400 2639 2512 2741 ab
2531 2644 2831 2743 Heroe‘
2850 2646 3245 2777 primum

451 2771 715 2870 Tatse
736 2773 1077 2905 profati,
1105 2810 1309 2871 cum
1338 2771 1689 2873 Tubale
1728 2779 2038 2903 pariter
2073 2781 2532 2872 communi
2569 2779 2984 2877 omnium
3027 2790 3263 2885 Scri--

451 2935 804 3034 prorum
836 2904 1699 3024 consensudicamun
1716 2902 1961 3035 plura
1984 2936 2339 3037 quoque
2363 2936 2751 3006 veterum
2778 2912 3262 3017 Poetarum‘

444 3064 633 3133 tam
657 3042 1167 3133 Graecorum
1191 3037 1464 3168 quam
1493 3030 2008 3133 Latinorum
2030 3032 2475 3134 decantata
2495 3036 3023 3139 carminibus
3040 3078 3245 3145 mo-

356 3242 363 3253 .
446 3198 874 3265 numenta
902 3164 1329 3267 beneficio
1352 3198 1674 3264 naturae
1710 3164 1986 3264 sortiti
2012 3158 2303 3263 sumus
2335 3243 2366 3291 ‚
2387 3200 2581 3300 quae
2610 3170 2953 3302 reliquis
2976 3184 3260 3279 totius

442 3305 969 3437 antiquitatis
1001 3299 1432 3398 miraculis
1468 3297 1732 3431 longe
1773 3296 2346 3397 anteferantur
2369 3370 2404 3421 5
2463 3333 2575 3396 ne
2615 3299 2752 3398 vel
2805 3301 2970 3401 hac
3001 3334 3241 3411 tanta

441 3429 1210 3527 commendatione
1231 3429 1614 3528 destituti
1647 3426 2125 3560 aliquando
2155 3429 2586 3539 ferremur.
2630 3434 2967 3532 lastant
2984 3434 3263 3539 Rho:

442 3558 565 3684 dij
614 3557 843 3658 Solis‘
861 3561 1316 3683 coloffum,
1340 3559 1839 3693 Pyramides
1887 3562 2278 3694 AEgyptij
2301 3640 2331 3684 ,
2370 3560 2702 3684 Muros,
2719 3565 2912 3689 Bab
2968 3567 3188 3698 lonij
3208 3647 3238 3685 ‚

439 3693 674 3790 Iouis
699 3689 1257 3791 simulacrum
1277 3690 1812 3821 Peloponefij
1824 3691 2420 3920 ,alijipraetereai
2441 3694 2833 3828 alia‚quae
2854 3600 3013 3798 filli
3035 3704 3233 3834 ipsis

2035 3857 2069 3919 1
2095 3830 2186 3947 in
2216 3820 2486 3922 Orbis
2510 3904 2536 3945 ,
2560 3823 2857 3925 saltem
2887 3842 3222 3960 veteris,

440 3956 815 4054 extrema
834 3953 1071 4057 velut
1088 3953 1312 4053 linea
1330 3952 2182 4070 conffimtis,1naiora
2205 3954 2611 4085 quaedam
2639 3956 3016 4059 tribuisse
3039 3972 3232 4065 Na·
3355 4054 3362 4067 .

433 4114 723 4184 turam
752 4116 1321 4220 agnoucrunt:
1352 4083 2010 4249 qux-smeipsos
2042 4090 2138 4183 in
2174 4084 2844 4188 admirationem
2870 4099 3229 4225 rapuisse

433 4216 575 4313 vel
593 4253 693 4313 ex
708 4225 818 4313 eo'
844 4219 1214 4344 constat,
1239 4216 1488 4352 quod
1505 4216 1761 4316 nobis
1780 4214 2259 4347 tacentibus
2273 4252 2379 4316 ea
2417 4216 2565 4333 sua
2580 4230 2900 4321 externi
2919 4224 3226 4356 sponte

432 4352 525 4451 in
546 4345 921 4451 sublime
951 4351 1480 4475 extulerunt,
1513 4380 1613 4452 vt
1648 4358 2552 4579 ceterarungentium
2590 4357 3226 4491 nationumque

2081 4588 2090 4593 ,
2230 4519 2280 4577 2
2806 4521 3221 4591 omnium
